<record><leader>00000cas a2200000 a 4500</leader><controlfield tag="001">27481186</controlfield><controlfield tag="008">930222d19421963caudn ne      0    0eng c</controlfield><datafield ind1=" " ind2=" " tag="010"><subfield code="a">sn 93051958 </subfield></datafield><datafield ind1=" " ind2=" " tag="040"><subfield code="a">CUY</subfield><subfield code="b">eng</subfield><subfield code="c">CNK</subfield><subfield code="d">OCLCQ</subfield><subfield code="d">CNK</subfield><subfield code="d">OCLCQ</subfield><subfield code="d">OCLCF</subfield><subfield code="d">OCLCO</subfield></datafield><datafield ind1="1" ind2=" " tag="029"><subfield code="a">AU@</subfield><subfield code="b">000020752377</subfield></datafield><datafield ind1=" " ind2=" " tag="042"><subfield code="a">pcc</subfield></datafield><datafield ind1=" " ind2=" " tag="043"><subfield code="a">n-us-ca</subfield></datafield><datafield ind1="0" ind2="0" tag="245"><subfield code="a">Roseville press tribune.</subfield></datafield><datafield ind1=" " ind2=" " tag="260"><subfield code="a">Roseville, Placer County, Calif. :</subfield><subfield code="b">Roseville Press</subfield></datafield><datafield ind1=" " ind2=" " tag="300"><subfield code="a">v.</subfield></datafield><datafield ind1=" " ind2=" " tag="310"><subfield code="a">Daily (except Sat. and Sun.),</subfield><subfield code="b">Nov. 22, 1953-Apr. 9, 1963</subfield></datafield><datafield ind1=" " ind2=" " tag="321"><subfield code="a">Semiweekly,</subfield><subfield code="b">May 19, 1942-Nov. 20, 1953</subfield></datafield><datafield ind1="0" ind2=" " tag="362"><subfield code="a">Vol. 34, no. 95 (May 19, 1942)-55th year, no. 197 (Apr. 9, 1963).</subfield></datafield><datafield ind1=" " ind2=" " tag="530"><subfield code="a">Master negatives are available for duplication from:</subfield><subfield code="b">California Newspaper Microfilm Archive;</subfield><subfield code="c">for further information consult the CNMA at:</subfield><subfield code="u">http://cbsr.ucr.edu</subfield></datafield><datafield ind1=" " ind2="0" tag="651"><subfield code="a">Roseville (Calif.)</subfield><subfield code="v">Newspapers.</subfield></datafield><datafield ind1=" " ind2="7" tag="655"><subfield code="a">Newspapers.</subfield><subfield code="2">fast</subfield><subfield code="0">(OCoLC)fst01423814</subfield></datafield><datafield ind1=" " ind2="7" tag="651"><subfield code="a">California</subfield><subfield code="z">Roseville.</subfield><subfield code="2">fast</subfield><subfield code="0">(OCoLC)fst01214303</subfield></datafield><datafield ind1=" " ind2=" " tag="752"><subfield code="a">United States</subfield><subfield code="b">California</subfield><subfield code="c">Placer</subfield><subfield code="d">Roseville.</subfield></datafield><datafield ind1="0" ind2="4" tag="780"><subfield code="t">Roseville press (Roseville, Calif.)</subfield><subfield code="w">(DLC)sn 95062056</subfield></datafield><datafield ind1="0" ind2="4" tag="780"><subfield code="t">Roseville tribune and register</subfield><subfield code="w">(DLC)sn 95062057</subfield></datafield><datafield ind1="0" ind2="0" tag="785"><subfield code="t">Press-tribune (Roseville, Calif.)</subfield><subfield code="w">(DLC)sn 95062058</subfield></datafield></record>